
/*

@BOOK{
		Osovskiy,
		author = {\relax{Осовский С.}},
		title = {Нейронные сети для обработки информации: Пер. с польского},
		publisher = {Финансы и статистика},
		address = {М.},
		year = {2002},
		language = "russian"
	}

@INPROCEEDINGS{
		expert,
		author = {\relax{Лычко Н.С.}},
		title = {Исследование нейросетевого метода в обнаружении атак},
		booktitle = {Труды научно-технической конференции <<Современные научные достижения>>},
		address = {Прага},
		publisher = {Publishing house Education and Science s.r.o.},
		year = {2009},
		language = "russian"
	}

@BOOK{
		Zaencev,
		author = {\relax{Заенцев И.В.}},
		title = {Нейронные сети: основные модели},
		publisher = {Воронежский Государственный университет},
		address = {Воронеж},
		year = {1999},
		language = "russian"
	}

*/

@BOOK{gis-lab-l5,
	title = {GIS-Lab: Спутники и сенсоры: Landsat - 5 [Электронный ресурс]},
	publisher = {URL: http://gis-lab.info/projects/ss/sat/landsat-5.html},
	year = {Дата обращения: 04.02.2012},
	language = {russian}
}

@BOOK{gis-lab-l7,
	title = {GIS-Lab: Спутники и сенсоры: Landsat - 7 [Электронный ресурс]},
	publisher = {URL: http://gis-lab.info/projects/ss/sat/landsat-7.html},
	year = {Дата обращения: 04.02.2012},
	language = {russian}
}

@BOOK{gis-lab-aster,
	title = {GIS-Lab: Общее описание ASTER GDEM [Электронный ресурс]},
	publisher = {URL: http://gis-lab.info/qa/aster-gdem.html},
	year = {Дата обращения: 04.02.2012},
	language = {russian}
}

@BOOK{gis-lab-srtm,
	title = {GIS-Lab: Описание и получение данных SRTM [Электронный ресурс]},
	publisher = {URL: http://gis-lab.info/qa/srtm.html},
	year = {Дата обращения: 04.02.2012},
	language = {russian}
}

@BOOK{gis-lab-modis,
	title = {GIS-Lab: Продукты MODIS - Land [Электронный ресурс]},
	publisher = {URL: http://gis-lab.info/qa/modislandprod.html},
	year = {Дата обращения: 04.02.2012},
	language = {russian}
}

@BOOK{gdal-ogr,
	title = {GDAL: GDAL - Geospatial Data Abstraction Library [Электронный ресурс]},
	publisher = {URL: http://www.gdal.org},
	year = {Дата обращения: 04.02.2012},
	language = {english}
}

@BOOK{qgis,
	title = {Welcome to the Quantum GIS Project [Электронный ресурс]},
	publisher = {URL: http://www.qgis.org},
	year = {Дата обращения: 04.02.2012},
	language = {english}
}

@BOOK{grass,
	title = {GRASS GIS - The World Leading Free Software GIS [Электронный ресурс]},
	publisher = {URL: http://grass.osgeo.org},
	year = {Дата обращения: 04.02.2012},
	language = {english}
}

@BOOK{osgeo4w,
	title = {OSGeo4W [Электронный ресурс]},
	publisher = {URL: http://trac.osgeo.org/osgeo4w},
	year = {Дата обращения: 04.02.2012},
	language = {english}
}

@BOOK{earthexplorer,
	title = {EarthExplorer [Электронный ресурс]},
	publisher = {URL: http://earthexplorer.usgs.gov},
	year = {Дата обращения: 04.02.2012},
	language = {english}
}

